@Article{Allen:2008,
  author = {{Allen}, S.~L.},
  title = "{VOEvent authentication via XML digital signature}",
  journal = "{Astron. Nachr.}",
  year = 2008,
  volume = 329,
  pages = {298--300},
}

@TechReport{Allan:2009,
  author = {Allan, A. and Denny, R.B.},
  title = "{VOEvent Transport Protocol, Version 1.1}",
  institution = "{International Virtual Observatory Alliance}",
  year = 2009,
  month = aug,
  type = "{Note}",
}

@TechReport{Braden:1989,
  author = {Braden, R.},
  title = "{Requirements for Internet Hosts -- Communication Layers}",
  institution = "{Internet Engineering Task Force}",
  year = 1989,
  type = "{Request for Comments}",
  number = 1122
}

@TechReport{Bradner:1997,
  author = {Bradner, S.},
  title = "{Key words for use in RFCs}",
  institution = "{Internet Engineering Task Force}",
  year = 1997,
  type = "{Request for Comments}",
  number = 2119
}

@Article{Cerf:1974,
  author = {Cert, V.~G. and Kahn, R.~E.},
  title = "{A protocol for packet network intercommuncation}",
  journal = "{IEEE Transactions on Communications}",
  year = 1974,
  volume = 22,
  pages = {637--648}
}

@TechReport{Denny:2008,
  author = {Denny, R.},
  title = "{A Proposal for Digital Signatures in VOEvent messages}",
  institution = "{International Virtual Observatory Alliance}",
  year = 2008,
  type = "{Note}"
}

@Article{Diffie:1976,
  author = {Diffie, W. and Hellman, M.},
  title = "{New Directions in Cryptography}",
  journal = "{IEEE Transactions on Information Theory}",
  year = 1976,
  volume = 22,
  pages = {644--654}
}

@TechReport{Eastlake:2001,
  author = {Eastlake, 3rd, D. and Jones, P.},
  title = "{US Secure Hash Algorithm 1 (SHA1)}",
  institution = "{Internet Engineering Task Force}",
  year = 2001,
  type = "{Request for Comments}",
  number = 3174
}

@TechReport{Peterson:2012,
  author = {Peterson, D. and others},
  title = "{W3C XML Schema Definition Language 1.1 Part 2: Datatypes}",
  year = 2012,
  institution = "{World Wide Web Consortium}",
  type = "{Recommendation}"
}

@TechReport{Reynolds:1994,
  author = {Reynolds, J. and Postel, J.},
  title = "{Assigned Numbers}",
  institution = "{Internet Engineering Task Force}",
  year = 1994,
  type = "{Request for Comments}",
  number = 1700
}

@TechReport{Rixon:2005,
  author = {Rixon, G.},
  title = "{Single-Sign-On Authoentication for the IVO: introduction and description of principles}",
  institution = "{International Virtual Observatory Alliance}",
  year = 2005,
  month = mar,
  type = "{Note}",
}

@TechReport{SaintAndre:2011,
  author = {Saint-Andre, P.},
  title = "{Extensible Messaging and Presence Protocol (XMPP): Core}",
  institution = "{Internet Engineering Task Force}",
  year = 2011,
  type = "{Request for Comments}",
  number = 6120
}
